<?xml version="1.0" encoding="UTF-8"?><record xmlns="http://www.loc.gov/MARC21/slim" xmlns:cinclude="http://apache.org/cocoon/include/1.0" xmlns:zs="http://www.loc.gov/zing/srw/">
  <leader>00444cz  a2200133n  4500</leader>
  <controlfield tag="001">n  95089316 </controlfield>
  <controlfield tag="003">DLC</controlfield>
  <controlfield tag="005">20130109080146.0</controlfield>
  <controlfield tag="008">950911n| azannaabn          |a ana      </controlfield>
  <datafield tag="010" ind1=" " ind2=" ">
    <subfield code="a">n  95089316 </subfield>
  </datafield>
  <datafield tag="040" ind1=" " ind2=" ">
    <subfield code="a">DLC</subfield>
    <subfield code="b">eng</subfield>
    <subfield code="e">rda</subfield>
    <subfield code="c">DLC</subfield>
    <subfield code="d">DLC</subfield>
  </datafield>
  <datafield tag="110" ind1="2" ind2=" ">
    <subfield code="a">Cappamore Historical Society</subfield>
  </datafield>
  <datafield tag="410" ind1="2" ind2=" ">
    <subfield code="a">Cappamore Historical and Cultural Society</subfield>
  </datafield>
  <datafield tag="670" ind1=" " ind2=" ">
    <subfield code="a">Cappamore, c1992:</subfield>
    <subfield code="b">t.p. (Cappamore Historical Society) p. viii (Cappamore Historical and Cultural Society)</subfield>
  </datafield>
</record>